<record><leader>00000cas a22000007a 4500</leader><controlfield tag="001">16637917</controlfield><controlfield tag="008">870903d18831895ohuwr ne      0    0eng d</controlfield><datafield ind1=" " ind2=" " tag="010"><subfield code="a">sn 87075044 </subfield></datafield><datafield ind1=" " ind2=" " tag="040"><subfield code="a">ONP</subfield><subfield code="b">eng</subfield><subfield code="c">ONP</subfield><subfield code="d">OCLCQ</subfield></datafield><datafield ind1=" " ind2=" " tag="042"><subfield code="a">msc</subfield></datafield><datafield ind1="0" ind2=" " tag="130"><subfield code="a">Republican gazette (Logan, Ohio)</subfield></datafield><datafield ind1="1" ind2="4" tag="245"><subfield code="a">The Republican gazette.</subfield></datafield><datafield ind1=" " ind2=" " tag="260"><subfield code="a">Logan, Hocking Co., O. [Ohio] :</subfield><subfield code="b">Republican Gazette Pub. Co.,</subfield><subfield code="c">-1895.</subfield></datafield><datafield ind1=" " ind2=" " tag="310"><subfield code="a">Weekly</subfield></datafield><datafield ind1="1" ind2=" " tag="362"><subfield code="a">Began in 1883.</subfield></datafield><datafield ind1="0" ind2=" " tag="362"><subfield code="a">-July 18, 1895.</subfield></datafield><datafield ind1=" " ind2=" " tag="515"><subfield code="a">Contains numbering designations of preceeding titles.</subfield></datafield><datafield ind1=" " ind2=" " tag="588"><subfield code="a">Description based on: Jan. 3, 1884 issue.</subfield></datafield><datafield ind1=" " ind2=" " tag="752"><subfield code="a">United States</subfield><subfield code="b">Ohio</subfield><subfield code="c">Hocking</subfield><subfield code="d">Logan.</subfield></datafield><datafield ind1="0" ind2="4" tag="780"><subfield code="t">Logan Republican (Logan, Ohio : 1869)</subfield><subfield code="w">(DLC)sn 86079000</subfield></datafield><datafield ind1="0" ind2="4" tag="780"><subfield code="t">Hocking Valley gazette</subfield><subfield code="w">(DLC)sn 87075046</subfield></datafield><datafield ind1="0" ind2="7" tag="785"><subfield code="t">Hocking Valley journal</subfield><subfield code="w">(DLC)sn 87075047</subfield></datafield><datafield ind1="0" ind2="7" tag="785"><subfield code="t">Journal-gazette (Logan, Ohio)</subfield><subfield code="w">(DLC)sn 87075052</subfield></datafield></record>